@generic{Nilsen2008,
   author = {Jon K. Nilsen},
   city = {Oslo},
   title = {Data Blocking - FYS4410 Lecture},
   url = {https://www.uio.no/studier/emner/matnat/fys/nedlagte-emner/FYS4410/v08/undervisningsmateriale/Material%20for%20Part%20I%20by%20Morten%20HJ/Slides%20from%20Lectures/blocking.pdf},
   year = {2008},
}
@book{CompQuantum2020,
author = {Hjorth-Jensen, Morten},
mendeley-groups = {Physics/Computational Physics/Books},
title = {{Advanced Topics in Computational Physics: Computational Quantum Mechanics}},
url = {https://compphysics.github.io/ComputationalPhysics2/doc/LectureNotes/_build/html/intro.html},
year = {2020}
}
